@book{BornDigital,
  title={Born Digital: Understanding the First Generation of Digital Natives},
  author={Palfrey, J. and Gasser, U.},
  isbn={9781458725448},
  url={https://books.google.de/books?id=wWTI-DbeA7gC},
  year={2011},
  publisher={Read How You Want}
},
@book{book_key,
  title={A book about a great thing},
  author={Person, A. and Person, B.},
  isbn={9781458725448},
  url={github.com/PIX3LFLUX/HSK-Latex-Skript-Template},
  year={2022},
  publisher={A Publsher}
},
@article{article_key,
  title={A great article about a great thing},
  author={Person, A. and Person, B.},
  year={2022},
  number={1},
  volume={1},
  journal={a Journal}
}

@article{autofahren,
  title={Automatisiertes und autonomes Fahren. Eine verkehrs-, wirtschafts-, und rechtspolitische Einordnung},
  author={Lange, Ulrich, bob},
  journal={NZV-Neue Zeitschrift fuer Verkehrsrecht},
  volume={30},
  number={8},
  year={2017}
}

@article{carolo,
  title={Carolo-Cup—Zehn Jahre automatisiertes Fahren im Ma{\ss}stab 1: 10},
  author={Nolte, Marcus and Graubohm, Robert and Form, Thomas and Maurer, Markus},
  journal={Sonderprojekte ATZ/MTZ},
  volume={22},
  pages={16--21},
  year={2017},
  publisher={Springer}
}

@misc{caudrichallenge,
	author = {},
	title = {{C}{A}u{D}ri-{C}hallenge --- caudri-challenge.de},
	howpublished = {\url{https://caudri-challenge.de/}},
	year = {2024},
	note = {[Accessed 20-02-2025]},
}

@misc{CAuDriregulations,
	author = {},
	title = {{R}eleases · {C}{A}u{D}ri/regulations --- github.com},
	howpublished = {\url{https://github.com/CAuDri/regulations/releases}},
	year = {2025},
	note = {[Accessed 20-02-2025]},
}

@inproceedings{gazebo,
  title={Manipulation task simulation using ROS and Gazebo},
  author={Qian, Wei and Xia, Zeyang and Xiong, Jing and Gan, Yangzhou and Guo, Yangchao and Weng, Shaokui and Deng, Hao and Hu, Ying and Zhang, Jianwei},
  booktitle={2014 IEEE International Conference on Robotics and Biomimetics (ROBIO 2014)},
  pages={2594--2598},
  year={2014},
  organization={IEEE}
}

@article{ubuntu16,
  title={Dugong: a Docker image, based on Ubuntu Linux, focused on reproducibility and replicability for bioinformatics analyses},
  author={Menegidio, Fabiano B and Jabes, Daniela L and Costa de Oliveira, Regina and Nunes, Luiz R},
  journal={Bioinformatics},
  volume={34},
  number={3},
  pages={514--515},
  year={2018},
  publisher={Oxford University Press}
}

@misc{HW140DCDC,
	author = {},
	title = {{H}{W}-140 {D}{C}-{D}{C} {B}uck {B}oost {C}onverter {S}tep {U}p/{D}own, {L}{C}{D}-{A}nzeige, 3{A} 5,5{V}-30{V} zu 0,5{V}-30{V} kompatibel mit {A}rduino --- az-delivery.de},
	howpublished = {\url{https://www.az-delivery.de/products/hw-140-buck-boost-converter-mit-anzeige?variant=32922979336288}},
	year = {},
	note = {[Accessed 26-02-2025]},
}

@article{catkinmake,
  title={Setting up pepper for autonomous navigation and personalized interaction with users},
  author={Perera, Vittorio and Pereira, Tiago and Connell, Jonathan and Veloso, Manuela},
  journal={arXiv preprint arXiv:1704.04797},
  year={2017}
}

@misc{rep128,
	author = {},
	title = {{R}{E}{P} 128 -- {N}aming {C}onventions for {C}atkin {B}ased {W}orkspaces ({R}{O}{S}.org) --- ros.org},
	howpublished = {\url{https://www.ros.org/reps/rep-0128.html}},
	year = {},
	note = {[Accessed 26-02-2025]},
}

@book{gitlab,
  title={GitLab repository management},
  author={Hethey, Jonathan M},
  year={2013},
  publisher={Packt Publishing}
}